@ARTICLE{ARTICLE:1,
    AUTHOR="John Doe",
    TITLE="Title",
    JOURNAL="Journal",
    YEAR="2017",
}

@article{sanchezqemu,
  title={QEMU, una alternativa libre para la emulaci{\'o}n de arquitecturas de hardware},
  author={S{\'a}nchez, Reinier Millo and Moya, Alexis Fajardo and Rodr{\'\i}guez, Waldo Paz},
  url = {https://www.researchgate.net/profile/Reinier-Millo-Sanchez/publication/283506874_QEMU_una_alternativa_libre_para_la_emulacion_de_arquitecturas_de_hardware/links/5840717208ae2d21755f3550/QEMU-una-alternativa-libre-para-la-emulacion-de-arquitecturas-de-hardware.pdf},
  note = {Visitado el 2022-03-15},
  year = {2022}
}

@BOOK{BOOK:1,
    AUTHOR="John Doe",
    TITLE="The Book without Title",
    PUBLISHER="Dummy Publisher",
    YEAR="2100",
}

@INBOOK{BOOK:2,
    AUTHOR="John Doe",
    TITLE="The Book without Title",
    PUBLISHER="Dummy Publisher",
    YEAR="2100",
    PAGES="100-200",
}

@MISC{WEBSITE:1,
	HOWPUBLISHED = "\url{http://example.com}",
	AUTHOR = "Intel",
	TITLE = "Example Website",
	MONTH = "12",
	YEAR = "1988",
	URLDATE = {2012-11-26}
}

@MANUAL{dallas:ds18b20,
    organization  = "Dallas Semiconductor",
    title         = "DS18B20 Programmable Resolution 1-Wire Digital Thermometer",
    number        = "050400",
    year          =  2015,
    note          = "Rev. 3"
}

@book{teton2003,
	title={Gu{\'\i}a t{\'e}cnica de la acuariofilia},
	author={Teton, J.},
	isbn={9788489840249},
	series={Gu{\'\i}as t{\'e}cnicas},
	url={https://books.google.com.ar/books?id=6vrjovWkQicC},
	year={2003},
	publisher={Tursen S.A. - H. Blume}
}

@book{IEEE:citation,
	author={IEEE},
	title={IEEE Citation Reference},
	edition={1},
	url={http://www.ieee.org/documents/ieeecitationref.pdf},
	urldate={2016-9-26},
	publisher={IEEE Publications},
	year={2016}
}

@misc{CIAA,
	author = {{Proyecto CIAA}},
	title = {Computadora Industrial Abierta Argentina},
	url = {http://proyecto-ciaa.com.ar/devwiki/doku.php?id=start},
	note = {Visitado el 2023-06-15},
	year = {2014}
}

@misc{EDU-CIAA-NXP,
	author = {{Proyecto CIAA}},
	title = {Plataforma educativa del Proyecto CIAA},
	url = {http://www.proyecto-ciaa.com.ar/devwiki/doku.php?id=desarrollo:edu-ciaa:edu-ciaa-nxp},
	note = {Visitado el 2023-06-15},
	year = {2014}
}

@misc{ViHard,
	author = {{Agustin Bassi}},
	title = {ViHard, Plataforma de emulación de hardware para sistemas embebidos},
	url = {https://github.com/agustinBassi-others/electron-virtual-hardware-platform/tree/develop},
	note = {Visitado el 2023-06-28},
	year = {2018}
}

@misc{TrabajoFinalCESE,
	author = {{Jenny Chavez}},
	title = {Trabajo Final CESE},
	url = {https://lse-posgrados-files.fi.uba.ar/tesis/LSE-FIUBA-Trabajo-Final-CESE-Jenny-Chavez-2018.pdf},
	note = {Visitado el 2023-09-27},
	year = {2023}
}



@misc{Electron,
	author = {{ACheng Zhao}},
	title = {Electron},
	url = {https://www.electronjs.org/},
	note = {Visitado el 2023-06-28},
	year = {2013}
}

@misc{Queensu,
	author = {{Queen's University}},
	title = {Queen's University},
	url = {https://www.queensu.ca/},
	note = {Visitado el 2022-03-15},
	year = {2022}
} 

@misc{ArmMbed,
	author = {{ARM}},
	title = {Arm Mbed Os},
	url = {https://www.arm.com/products/development-tools/embedded-and-software/mbed-os},
	note = {Visitado el 2022-03-15},
	year = {2022}
}

@misc{UnoArduSim,
	author = {{Stan Simmons}},
	title = {UnoArduSim},
	url = {https://sites.google.com/site/unoardusim/home},
	note = {Visitado el 2022-03-15},
	year = {2022}
}

@misc{Virtronics,
	author = {{grupo de startups}},
	title = {Virtronics},
	url = {http://www.virtronics.com.au/simulator-for-arduino.html},
	note = {Visitado el 2022-03-15},
	year = {2022}
}

@misc{ArmMbedSim,
	author = {{Mbed Labs}},
	title = {Mbed Simulator},
	url = {https://os.mbed.com/blog/entry/introducing-mbed-simulator},
	note = {Visitado el 2022-03-15},
	year = {2022}
}

@misc{ArmMbedSimRepo,
	author = {{ARMmbed/mbed-simulator}},
	title = {Github Repositorio.},
	url = {https://github.com/armmbed/mbed-simulator},
	note = {Visitado el 2023-09-15},
	year = {2023}
}

@misc{Tinkercad,
	author = {{Stan Simmons}},
	title = {Tinkercad},
	url = {https://www.tinkercad.com/dashboard},
	note = {Visitado el 2022-03-15},
	year = {2022}
}

@misc{Autodesk,
	author = {{John Walker}},
	title = {Autodesk},
	url = {https://www.autodesk.com},
	note = {Visitado el 2022-03-14},
	year = {2022}
}

@misc{Arduino,
	author = {{Arduino LLC}},
	title = {Arduino},
	url = {https://arduino.cl/},
	note = {Visitado el 2022-03-14},
	year = {2022}
}

@misc{ArduinoUno,
	author = {{Arduino}},
	title = {Arduino Uno},
	url = {https://arduino.cl/arduino-uno/},
	note = {Visitado el 2022-03-14},
	year = {2022}
}

@misc{API,
	author = {{informática}},
	title = {Application Programming Interface},
	url = {https://definicion.de/api/},
	note = {Visitado el 2022-03-13},
	year = {2022}
}

@misc{Emscripten,
	author = {{Open Source License}},
	title = {Emscripten},
	url = {https://emscripten.org/},
	note = {Visitado el 2022-03-13},
	year = {2022}
}

@misc{Python,
	author = {{Open Source License}},
	title = {Python},
	url = {https://emscripten.org/},
	note = {Visitado el 2022-03-13},
	year = {2022}
}

@misc{LLVM,
	author = {{LLVM Developer Group}},
	title = {Low Level Virtual Machine},
	url = {https://es.wikipedia.org/wiki/LLVM},
	note = {Visitado el 2022-03-13},
	year = {2022}
}

@misc{JavaScript,
	author = {{LLVM Developer Group}},
	title = {JavaScript},
	url = {https://es.wikipedia.org/wiki/JavaScript},
	note = {Visitado el 2022-03-13},
	year = {2022}
}

@misc{SVG,
	author = {{LLVM Developer Group}},
	title = {SVG},
	url = {https://es.wikipedia.org/wiki/Gr%C3%A1ficos_vectoriales_escalables},
	note = {Visitado el 2022-03-13},
	year = {2022}
}

@misc{Xterm,
	author = {{LLVM Developer Group}},
	title = {Xterm},
	url = {https://xtermjs.org/},
	note = {Visitado el 2022-03-13},
	year = {2022}
}

@misc{NodeJS,
	author = {{LLVM Developer Group}},
	title = {NodeJS},
	url = {https://xtermjs.org/},
	note = {Visitado el 2022-03-13},
	year = {2022}
}


@misc{NavegadorWeb,
	author = {{Wikipedia}},
	title = {Navegador web},
	url = {https://es.wikipedia.org/wiki/Navegador_web},
	note = {Visitado el 2022-03-13},
	year = {2022}
}


@misc{ClienteServidor,
	author = {{Arquitectura}},
	title = {Modelo Cliente/Servidor},
	url = {https://es.wikipedia.org/wiki/Cliente-servidor},
	note = {Visitado el 2022-03-14},
	year = {2022}
}

@misc{JavaScript,
	author = {{Brendan Eich}},
	title = {JavaScript},
	url = {https://www.javascript.com/},
	note = {Visitado el 2022-03-14},
	year = {2022}
}

@misc{DOM,
	author = {{W3C}},
	title = {Document Object Model},
	url = {https://www.w3.org/TR/WD-DOM/introduction.html},
	note = {Visitado el 2022-03-14},
	year = {2022}
}

@misc{NodeJS,
	author = {{Ryan Dahl}},
	title = {Node.js},
	url = {https://nodejs.org/es/},
	note = {Visitado el 2022-03-14},
	year = {2022}
}

@misc{HTML,
	author = {{Web Hypertext Application Technology Working Group}},
	title = {Lenguaje de Marcas de Hipertexto},
	url = {https://es.wikipedia.org/wiki/HTML},
	note = {Visitado el 2022-03-14},
	year = {2022}
}

@misc{CSS,
	author = {{CSS Working Group}},
	title = {Cascading Style Sheets},
	url = {https://es.wikipedia.org/wiki/CSS},
	note = {Visitado el 2022-03-14},
	year = {2022}
}

@misc{SVG,
	author = {{World Wide Web Consortium}},
	title = {SVG},
	url = {https://es.wikipedia.org/wiki/Gr%C3%A1ficos_vectoriales_escalables},
	note = {Visitado el 2022-03-14},
	year = {2022}
}

@misc{XML,
	author = {{World Wide Web Consortium}},
	title = {eXtensible Markup Language},
	url = {https://es.wikipedia.org/wiki/Extensible_Markup_Language},
	note = {Visitado el 2022-03-14},
	year = {2022}
}

@misc{TypeScript,
	author = {{Microsoft}},
	title = {TypeScript},
	url = {https://www.typescriptlang.org/},
	note = {Visitado el 2022-03-14},
	year = {2022}
}

@misc{WebSocket,
	author = {{W3C}},
	title = {WebSocket},
	url = {https://es.wikipedia.org/wiki/WebSocket},
	note = {Visitado el 2022-03-14},
	year = {2022}
}

@misc{HTML5,
	author = {{W3C HTML WG, WHATWG}},
	title = {TypeScript},
	url = {https://es.wikipedia.org/wiki/HTML5},
	note = {Visitado el 2022-03-14},
	year = {2022}
}

@misc{Socket,
	author = {{Guillermo Rauch}},
	title = {Socket.IO},
	url = {https://socket.io/},
	note = {Visitado el 2022-03-14},
	year = {2022}
}

@misc{Timesync,
	author = {{Timesync Working Group}},
	title = {Timesync},
	url = {https://www.npmjs.com/package/timesync},
	note = {Visitado el 2022-03-14},
	year = {2022}
}

@misc{HTTP,
	author = {{Protocolo capa de aplicación}},
	title = {Hypertext Transfer Protocol},
	url = {https://es.wikipedia.org/wiki/Protocolo_de_transferencia_de_hipertexto},
	note = {Visitado el 2022-03-14},
	year = {2022}
}

@misc{Mocha,
	author = {{Mocha Working Group}},
	title = {Mocha},
	url = {https://mochajs.org/},
	note = {Visitado el 2022-03-14},
	year = {2022}
}

@misc{Chai,
	author = {{Chai Working Group}},
	title = {Chai},
	url = {https://www.chaijs.com/},
	note = {Visitado el 2022-03-14},
	year = {2022}
}

@misc{Emscripten,
	author = {{Alon Zakai}},
	title = {Emscripten},
	url = {https://emscripten.org/},
	note = {Visitado el 2022-03-14},
	year = {2022}
}

@misc{LLVM,
	author = {{LLVM Developer Group}},
	title = {Low Level Virtual Machine},
	url = {https://es.wikipedia.org/wiki/LLVM},
	note = {Visitado el 2022-03-14},
	year = {2022}
}

@misc{WebAssembly,
	author = {{WebAssembly Working Group}},
	title = {WebAssembly},
	url = {https://webassembly.org/},
	note = {Visitado el 2022-03-14},
	year = {2022}
}

@misc{Binaryen,
	author = {{Apache}},
	title = {Binaryen},
	url = {https://www.npmjs.com/package/binaryen},
	note = {Visitado el 2022-03-14},
	year = {2022}
}

@misc{Python,
	author = {{Python Software Foundation}},
	title = {Python},
	url = {https://www.python.org/},
	note = {Visitado el 2022-03-14},
	year = {2022}
}


@misc{Express,
	author = {{Express Working Group}},
	title = {Express},
	url = {https://expressjs.com/es/},
	note = {Visitado el 2022-03-14},
	year = {2022}
}

@misc{LenguajeC,
	author = {{Dennis Ritchie y Laboratorios Bell}},
	title = {Lenguaje C},
	url = {https://es.wikipedia.org/wiki/C_(lenguaje_de_programaci%C3%B3n)},
	note = {Visitado el 2022-03-14},
	year = {2022}
}

@misc{Check,
	author = {{Roman Zimbelmann}},
	title = {Check},
	url = {https://libcheck.github.io/check/},
	note = {Visitado el 2023-06-14},
	year = {2000}
}

@misc{CMocka,
	author = {{Andreas Schneider y Jan Kratochvil}},
	title = {CMocka},
	url = {https://cmocka.org/},
	note = {Visitado el 2022-03-14},
	year = {2009}
}

@misc{sAPICIAA,
	author = {{Comunidad Proyecto CIAA}},
	title = {sAPI proyecto CIAA},
	url = {https://github.com/epernia/firmware_v3/blob/master/libs/sapi/documentation/api_reference_es.md},
	note = {Visitado el 2022-03-14},
	year = {2022}
}

@misc{sAPIv0.6.2,
	author = {{Comunidad Proyecto CIAA}},
	title = {sAPI Proyecto CIAA version 0.6.2},
	url = {https://github.com/epernia/firmware_v3/tree/master/libs/sapi/sapi_v0.6.2},
	note = {Visitado el 2023-07-28},
	year = {2023}
}

@misc{firmwareV2,
	author = {{Comunidad Proyecto CIAA}},
	title = {Firmware v2},
	url = {https://github.com/ciaa/firmware_v2},
	note = {Visitado el 2023-07-29},
	year = {2018}
}

@misc{firmwareV3,
	author = {{Comunidad Proyecto CIAA}},
	title = {Firmware v3},
	url = {https://github.com/ciaa/firmware_v3},
	note = {Visitado el 2023-07-29},
	year = {2018}
}

@misc{MbedOS,
	author = {{ARM}},
	title = {ARM Mbed OS},
	url = {https://github.com/ARMmbed/mbed-os},
	note = {Visitado el 2022-03-14},
	year = {2014}
}

@misc{MbedCLI,
	author = {{Arm}},
	title = {Mbed CLI},
	url = {https://github.com/ARMmbed/mbed-cli},
	note = {Visitado el 2020-03-14},
	year = {2014}
}

@misc{ArmCortexM,
	author = {{ARM}},
	title = {ARM Cortex M},
	url = {https://en.wikipedia.org/wiki/ARM_Cortex-M},
	note = {Visitado el 2022-03-14},
	year = {2022}
}

@misc{SVGFirmwareV3,
	author = {{Eric Pernia}},
	title = {SVG FirmwareV3},
	url = {https://github.com/epernia/board-simulator/blob/gh-pages/img/edu_ciaa_board.svg},
	note = {Visitado el 2022-03-14},
	year = {2022}
}

@misc{IDE,
	author = {{Microsoft}},
	title = {Integrated Development Environment},
	url = {https://es.wikipedia.org/wiki/Entorno_de_desarrollo_integrado},
	note = {Visitado el 2022-03-14},
	year = {2022}
}

@misc{VisualStudioCode,
	author = {{Microsoft}},
	title = {Visual Studio Code},
	url = {https://code.visualstudio.com/},
	note = {Visitado el 2022-03-15},
	year = {2022}
}

@misc{GitHub,
	author = {{Microsoft}},
	title = {GitHub},
	url = {https://github.com/},
	note = {Visitado el 2022-03-15},
	year = {2022}
}

@misc{AdobeIllustrator,
	author = {{Adobe Systems }},
	title = {Adobe Illustrator},
	url = {https://www.adobe.com/la/products/illustrator.html},
	note = {Visitado el 2022-03-15},
	year = {2022}
}

@misc{inkscape,
	author = {{Comunidad Inkscape}},
	title = {Inkscape},
	url = {https://inkscape.org/},
	note = {Visitado el 2023-07-29},
	year = {2023}
}



@misc{TravisCI,
	author = {{Josh Kalderimis }},
	title = {Travis CI},
	url = {https://www.travis-ci.com/},
	note = {Visitado el 2023-06-15},
	year = {2011}
}

@misc{Gitlab,
	author = {{Dmitriy Zaporozhets y Valery Sizov }},
	title = {Gitlab},
	url = {https://gitlab.com/},
	note = {Visitado el 2023-06-15},
	year = {2011}
}

@misc{DigitalOcean,
	author = {{Ben Uretsky, Moisey Uretsky, Mitch Wainer, Jeff Carr y Alec Hartman}},
	title = {DigitalOcean},
	url = {https://www.digitalocean.com/},
	note = {Visitado el 2023-06-15},
	year = {2011}
}

@misc{Doxygen,
	author = {{Dimitri van Heesch}},
	title = {Doxygen},
	url = {https://www.doxygen.nl/index.html},
	note = {Visitado el 2022-03-15},
	year = {2022}
}

@misc{Postman,
	author = {{Postman Working Group}},
	title = {Postman},
	url = {https://www.postman.com},
	note = {Visitado el 2022-03-24},
	year = {2022}
}

@misc{Make,
	author = {{Richard Stallman y Roland McGrath}},
	title = {GNU Make, una herramienta de gestión de dependencias},
	url = {https://www.gnu.org/software/make/},
	note = {Visitado el 2022-03-24},
	year = {2022}
}

@misc{CTest,
	author = {{cmake Working Group}},
	title = {CTest},
	url = {https://cmake.org/cmake/help/v3.0/manual/ctest.1.html},
	note = {Visitado el 2022-03-24},
	year = {2022}
}

@misc{TeraTerm,
	author = {{T. Teranishi}},
	title = {Tera Term VT},
	url = {svn.osdn.jp/svnroot/ttssh2/trunk/},
	note = {Visitado el 2022-03-24},
	year = {2022}
}

@misc{repositorioEmulador,
	author = {{Jenny Chavez}},
	title = {Emulador EDU-CIAA},
	url = {https://github.com/jennifferch/ciaa-emulador},
	note = {Visitado el 2023-06-24},
	year = {2023}
}


@MISC{lpcopen,
   author =	{{NXP Semiconductors}},
   title =	{LPCOPEN v2.16 Drivers, Middleware and Examples},
   url =	{http://www.nxp.com/products/microcontrollers-and-processors/arm-processors/lpc-cortex-m-mcus/software-tools/lpcopen-libraries-and-examples:LPC-OPEN-LIBRARIES},
   note =	{Disponible: 2016-06-25},
 }
 
@MISC{contrib,
	author =	{{Savannah}},
	title =	{lwIP - A Lightweight TCP/IP stack},
	url =	{http://git.savannah.gnu.org/cgit/lwip/lwip-contrib.git},
	note =	{Disponible: 2016-06-25},
 }

@MISC{webserver,
	author =	{{Savannah}},
	title =	{lwIP - Wiki - Sample Web Server},
	url =	{ http://lwip.wikia.com/wiki/Sample_Web_Server},
	note =	{Disponible: 2016-06-25}
 } 
 


@MISC{sensor_pH,
   author =	{dfRobot},
   title =	{PH meter(SKU: SEN0161)},
   url =	{http://www.dfrobot.com/wiki/index.php?title=PH_meter(SKU:_SEN0161)},
   note =	{Disponible: 2016-06-25},
}

@misc{rfc2616,
	series =	{Request for Comments},
	number=		2616,
	howpublished=	{RFC 2616},
	publisher =	{RFC Editor},
	doi =		{10.17487/rfc2616},
	url =		{https://rfc-editor.org/rfc/rfc2616.txt},
	author=		{Jeffrey Mogul and Larry M Masinter and Roy T. Fielding and Jim Gettys and Paul J. Leach and Tim Berners-Lee},
	title=		{{Hypertext Transfer Protocol -- HTTP/1.1}},
	pagetotal =	176,
	year =		2013,
	month =		3,
	day =		2,
	abstract =	{HTTP has been in use by the World-Wide Web global information initiative since 1990. This specification defines the protocol referred to as &quot;HTTP/1.1&quot;, and is an update to RFC 2068. [STANDARDS-TRACK]},
}

@misc{rfc3875,
	series =	{Request for Comments},
	number=		3875,
	howpublished=	{RFC 3875},
	publisher =	{RFC Editor},
	doi =		{10.17487/rfc3875},
	url =		{https://rfc-editor.org/rfc/rfc3875.txt},
	author=		{David Robinson},
	title=		{{The Common Gateway Interface (CGI) Version 1.1}},
	pagetotal =	36,
	year =		2013,
	month =		mar,
	day =		20,
	abstract =	{The Common Gateway Interface (CGI) is a simple interface for running external programs, software or gateways under an information server in a platform-independent manner. Currently, the supported information servers are HTTP servers.},
}

@misc{rfc7540,
	series =	{Request for Comments},
	number=		7540,
	howpublished=	{RFC 7540},
	publisher =	{RFC Editor},
	doi =		{10.17487/rfc7540},
	url =		{https://rfc-editor.org/rfc/rfc7540.txt},
	author=		{Mike Belshe and Roberto Peon and Martin Thomson},
	title=		{{Hypertext Transfer Protocol Version 2 (HTTP/2)}},
	pagetotal =	96,
	year =		2015,
	month =		nov,
	day =		18,
	abstract =	{This specification describes an optimized expression of the semantics of the Hypertext Transfer Protocol (HTTP), referred to as HTTP version 2 (HTTP/2). HTTP/2 enables a more efficient use of network resources and a reduced perception of latency by introducing header field compression and allowing multiple concurrent exchanges on the same connection. It also introduces unsolicited push of representations from servers to clients.},
}

@misc{ControlVersionesGIT,
	author = {{GitHub}},
	title = {Sistema de Control de Versiones de código fuente distribuído},
	url = {https://docs.github.com/es/get-started/using-git/about-git#about-version-control-and-git},
	note = {Visitado el 2023-09-24},
	year = {2023}
}

@misc{IntegraciónContinuaGIT,
	author = {{GitHub}},
	title = {Integración Continua},
	url = {https://docs.github.com/es/actions/automating-builds-and-tests/about-continuous-integration},
	note = {Visitado el 2023-09-24},
	year = {2023}
}

@misc{MbedOS,
	author = {{Arm Limited}},
	title = {Arm Mbed OS},
	url = {https://os.mbed.com/mbed-os},
	note = {Visitado el 2023-09-24},
	year = {2023}
}

@misc{ArmMbedEvents,
	author = {{Arm Limited}},
	title = {Mbed events},
	url = {https://github.com/ARMmbed/mbed-os/blob/master/events/README.md},
	note = {Visitado el 2023-09-24},
	year = {2023}
}

@misc{firmwareV3r130,
	author = {{Comunidad Proyecto CIAA}},
	title = {Firmware V3 r130},
	url = {https://github.com/epernia/firmware_v3/releases},
	note = {Visitado el 2023-03-14},
	year = {2023}
}

@misc{seospont,
	author = {{Comunidad Proyecto CIAA}},
	title = {seos_pont},
	url = {https://github.com/epernia/firmware_v3/tree/master/libs/seos_pont},
	note = {Visitado el 2023-03-14},
	year = {2023}
}

@misc{freeRTOS,
	author = {{Comunidad Proyecto RTOS}},
	title = {FreeRTOS},
	url = {https://www.freertos.org/index.html},
	note = {Visitado el 2023-03-14},
	year = {2023}
}


